
@article{BAM,
    title = {{Bayesian Model Averaging: A Tutorial}},
    year = {1999},
    journal = {Statistical Science},
    author = {Jennifer A. Hoeting, David Madigan, Adrian E. Raftery and Chris T. Volinsky},
    number = {4},
    pages = {382–417},
    volume = {14}
}

@Book{Lebayesianismeaujourd'hui,
  Title                    = {{Le bayesianisme aujourd'hui}},
  Author                   = {Isabelle Drouet},
  Publisher                = {Edition Matérilogiques},
  Year                     = {2016}
}

@Book{analysestatistiquebayesienne,
  Title                    = {{L'analyse statistique bayesienne}},
  Author                   = {Chrisitian Robert},
  Publisher                = {Economica},
  Year                     = {1995}
}
@article{pedictbayesian,
    title = {{Predicting the Present with Bayesian Structural Time Series }},
    year = {2014},
    journal = {International Journal of Mathematical Modelling and Numerical Optimisation},
    author = {Steven L. Scott and Hal Varian},
    pages = {4-23},
    volume = {5},
    url = {https://ai.google/research/pubs/pub41335/}
}
@article{ssvs,
    title = {{Variable Selection Via Gibbs Sampling}},
    year = {1993},
    journal = {Journal of the American Statistical Association},
    author = {Edward I. George and Robert E. McCulloch},
    number = {423},
    month = {Sep},
    pages = {881-889},
    volume = {88},
    url = {https://www.jstor.org/stable/2336762},
    doi = { 10.2307/2336762}
}
@article{kapman1993,
    title = {{Disturbance Smoother for State Space Models}},
    year = {1993},
    journal = {Biometrika},
    author = {Siem Jan Koopman },
    number = {1},
    month = {Mar},
    pages = {117-126},
    volume = {80},
    url = {https://www.jstor.org/stable/2336762},
    doi = { 10.2307/2336762}
}
@article{kalman,
    author       = {J. Durbin, S.H. Koopman},
    title        = {{A simple and efficient simulation smoother for state space time series analysis}},
    journal = {},
    month        = oct,
    year         = 2011
    }
@online{youtube,
        title = {SLAM Course - 03 - Kalman Filter - Cyrill Stachniss},
        date = {31 oct. 2012},
        organization = {Youtube},
        author = { Cyrill Stachniss},
        url = {https://www.youtube.com/watch?v=DE6Jn2cB4J4},
    }
@misc{Github,
    author       = {anhdanggit},
    title        = {{Google Queries for Nowcasting New Housing Sales}},
    url          = {https://github.com/anhdanggit/nowcasting-google-queriesf}
    }
@misc{courssur,
    author       = {Frédéric Sur},
    title        = {{Cours de deuxième année : Modélisation des séries temporelles}},
    year = {2018}
    }
@misc{coursproba,
    author       = {Denis Villemonais},
    title        = {{Probabilités Cours SG 231}},
    year = {2017}
    }

@misc{coursgibbs,
    author       = {B. Walsh},
    title        = {{Markov Chain Monte Carlo and Gibbs Sampling, Lecture Notes for EEB }},
    year = {2002},
    url = {http://nitro.biosci.arizona.edu/courses/EEB596/handouts/Gibbs.pdf}
    }
@misc{wiki,
title        = {{Wikipédia Markov Chain}},
url = {https://en.wikipedia.org/wiki/Markov_chain#cite_note-49}
    }
@misc{sorryarima,
title        = {{Sorry ARIMA, but I’m Going Bayesian}},
author       = {Kim Larsen},
year = {2016},
url = {https://en.wikipedia.org/wiki/Markov_chain#cite_note-49}
    }
Statistical Science1999, Vol. 14, No. 4, 382–417