@Article{REF:1,
author="D'Ayala, Dina F.
and Paganoni, Sara",
title={"Assessment and analysis of damage in L'Aquila historic city centre after 6th April 2009"},
journal="Bulletin of Earthquake Engineering",
year="2011",
month="02",
day="01",
volume="9",
number="1",
pages="81--104",
issn="1573-1456",
doi="10.1007/s10518-010-9224-4"
}

@article{REF:2,
title = "Possibilities and limitations of innovative retrofitting for masonry churches: Advanced computations on three case studies",
journal = "Construction and Building Materials",
volume = "147",
pages = "239 - 263",
year = "2017",
issn = "0950-0618",
doi = "https://doi.org/10.1016/j.conbuildmat.2017.04.075",
author = "Gabriele Milani and Rafael Shehu and Marco Valente",
keywords = "Masonry churches, Non-linear analyses, Strengthening techniques, FRP composite materials, Seismic vulnerability",
}

@Article{REF:3,
author="Lagomarsino, Sergio",
title="On the vulnerability assessment of monumental buildings",
journal="Bulletin of Earthquake Engineering",
year="2006",
month="Nov",
day="01",
volume="4",
number="4",
pages="445--463",
issn="1573-1456",
doi="10.1007/s10518-006-9025-y"
}

@article{REF:4,
title = "A 2D typology generator for historical masonry elements",
journal = "Construction and Building Materials",
volume = "184",
pages = "440 - 453",
year = "2018",
issn = "0950-0618",
doi = "https://doi.org/10.1016/j.conbuildmat.2018.06.085",
author = "Shenghan Zhang and Martin Hofmann and Katrin Beyer",
}

@article{REF:5,
title = {Micro-mechanical finite element modeling for in-plane behavior of historical masonry},
author = {Zhang, Shenghan},
institution = {IIC},
publisher = {EPFL},
address = {Lausanne},
pages = {154},
year = {2018},
url = {http://infoscience.epfl.ch/record/256544},
doi = {10.5075/epfl-thesis-8792},
}

@Article{REF:6,
author="Zhang, Shenghan
and Richart, Nicolas
and Beyer, Katrin",
title="Numerical evaluation of test setups for determining the shear strength of masonry",
journal="Materials and Structures",
year="2018",
month="Aug",
day="09",
volume="51",
number="4",
pages="110",
issn="1871-6873",
doi="10.1617/s11527-018-1236-6",
}

@article{REF:7,
author = {Calderini, Chiara and Cattari, Serena and Lagomarsino, Sergio},
title = {In-plane strength of unreinforced masonry piers},
journal = {Earthquake Engineering \& Structural Dynamics},
volume = {38},
number = {2},
pages = {243-267},
keywords = {masonry, pier strength, in-plane behaviour, seismic capacity, failure mechanisms, simplified models},
doi = {10.1002/eqe.860},
eprint = {https://onlinelibrary.wiley.com/doi/pdf/10.1002/eqe.860},
year = {2009}
}

@article{REF:8,
title = "The use of the diagonal compression test to identify the shear mechanical parameters of masonry",
journal = "Construction and Building Materials",
volume = "24",
number = "5",
pages = "677 - 685",
year = "2010",
issn = "0950-0618",
doi = "https://doi.org/10.1016/j.conbuildmat.2009.11.001",
author = "Chiara Calderini and Serena Cattari and Sergio Lagomarsino",
}

@article{REF:9,
title = "Geometric indices to quantify textures irregularity of stone masonry walls",
journal = "Construction and Building Materials",
volume = "111",
pages = "199 - 208",
year = "2016",
issn = "0950-0618",
doi = "https://doi.org/10.1016/j.conbuildmat.2016.02.038",
author = "Celeste Almeida and João Paulo Guedes and António Arêde and Aníbal Costa"
}

@article{REF:10,
title = "Shear-compression tests of URM walls: Various setups and their influence on experimental results",
journal = "Engineering Structures",
volume = "156",
pages = "472 - 479",
year = "2018",
issn = "0141-0296",
doi = "https://doi.org/10.1016/j.engstruct.2017.11.057",
author = "Bastian Valentin Wilding and Kiarash M. Dolatshahi and Katrin Beyer"
}

@article{REF:11,
title = "Influence of boundary conditions and size effect on the drift capacity of URM walls",
journal = "Engineering Structures",
volume = "65",
pages = "76 - 88",
year = "2014",
issn = "0141-0296",
doi = "https://doi.org/10.1016/j.engstruct.2014.01.048",
author = "Sarah Petry and Katrin Beyer"
}

@article{REF:12,
title = {Computational strategies for masonry structures},
author = {Lourenço, Paulo José Brandão Barbosa},
institution = {TU Delft},
publisher = {Delft University Press},
address = {The Netherlands},
pages = {220},
year = {1996},
url = {http://www.hms.civil.uminho.pt/arq/fich/1996_PhD_PBLourenco.pdf},
}

@Article{REF:13,
author="Massart, Thierry J.
and Sonon, Bernard
and Ehab Moustafa Kamel, Karim
and Poh, Leong Hien
and Sun, Gang",
title="Level set-based generation of representative volume elements for the damage analysis of irregular masonry",
journal="Meccanica",
year="2018",
month="May",
day="01",
volume="53",
number="7",
pages="1737--1755",
issn="1572-9648",
doi="10.1007/s11012-017-0695-0"
}

@Article{REF:14,
author="Baraldi, Daniele
and Reccia, Emanuele
and Cecchi, Antonella",
title="In plane loaded masonry walls: DEM and FEM/DEM models. A critical review",
journal="Meccanica",
year="2018",
month="May",
day="01",
volume="53",
number="7",
pages="1613--1628",
issn="1572-9648",
doi="10.1007/s11012-017-0704-3",
}

@article{REF:15,
author = {Pulatsu, Bora and Bretas, Eduardo and Lourenco, Paulo},
year = {2016},
month = {10},
pages = {563-582},
title = {Discrete element modeling of masonry structures: Validation and application},
volume = {11},
journal = {Earthquakes and Structures},
doi = {10.12989/eas.2016.11.4.563}
}

@article{REF:16,
author = {Lourenco, Paulo and Milani, Gabriele and Tralli, Antonio and Zucchini, Alberto},
year = {2007},
month = {12},
pages = {1443-1457},
title = {Analysis of masonry structures: Review of and recent trends in homogenization techniques},
volume = {34},
journal = {Canadian Journal of Civil Engineering},
doi = {10.1139/L07-097}
}

@article{REF:17,
title = "Uses and limits of the Equivalent Frame Model on existing unreinforced masonry buildings for assessing their seismic risk: A review",
journal = "Journal of Building Engineering",
volume = "10",
pages = "166 - 182",
year = "2017",
issn = "2352-7102",
doi = "https://doi.org/10.1016/j.jobe.2017.03.004",
author = "E. Quagliarini and G. Maracchini and F. Clementi"
}

@article{REF:18,
author = {Penna, Andrea and Lagomarsino, Sergio and Galasco, Alessandro},
title = {A nonlinear macroelement model for the seismic analysis of masonry buildings},
journal = {Earthquake Engineering \& Structural Dynamics},
volume = {43},
number = {2},
pages = {159-179},
keywords = {macroelement, masonry, seismic analysis, nonlinear, equivalent frame},
doi = {10.1002/eqe.2335},
eprint = {https://onlinelibrary.wiley.com/doi/pdf/10.1002/eqe.2335},
year = {2014}
}

@article{REF:19,
title = "Simulating masonry wall behaviour using a simplified micro-model approach",
journal = "Engineering Structures",
volume = "151",
pages = "349 - 365",
year = "2017",
issn = "0141-0296",
doi = "https://doi.org/10.1016/j.engstruct.2017.08.021",
author = "Kurdo F. Abdulla and Lee S. Cunningham and Martin Gillie",
keywords = "Modelling masonry, Surface-based cohesive behaviour, XFEM, Crack propagation, In-plane load, Out of plane load, Cyclic in-plane load",
}

@article{REF:20,
title = "Simplified micro modeling of partially grouted masonry assemblages",
journal = "Construction and Building Materials",
volume = "83",
pages = "159 - 173",
year = "2015",
issn = "0950-0618",
doi = "https://doi.org/10.1016/j.conbuildmat.2015.03.021",
author = "Mohammad Bolhassani and Ahmad A. Hamid and Alan C.W. Lau and Franklin Moon",
keywords = "Masonry assemblages, Cohesive surface-based behavior, Micro modeling, Concrete damage plasticity, Partially grouted masonry",
}

@article{REF:21,
title = "Numerical analysis of structural masonry: mesoscale approach",
journal = "Computers \& Structures",
volume = "86",
number = "21",
pages = "1958 - 1973",
year = "2008",
issn = "0045-7949",
doi = "https://doi.org/10.1016/j.compstruc.2008.05.007",
author = "B. Shieh-Beygi and S. Pietruszczak",
keywords = "Brick masonry, Plasticity, Finite elements, Numerical homogenization",
}

@manual{REF:22,
title       = "{Theory reference for the mechanical APDL and Mechanical Applications}",
author     = "ANSYS",
organization    = "ANSYS",
year        = "2019",
}

@manual{REF:23,
title       = " ABAQUS: Theory manual",
author     = "ABAQUS",
organization    = "ABAQUS",
year        = "2011",
}

@article{REF:24,
author = {Gambarotta, L. and Lagomarsino, S.},
title = {DAMAGE MODELS FOR THE SEISMIC RESPONSE OF BRICK MASONRY SHEAR WALLS. PART I: THE MORTAR JOINT MODEL AND ITS APPLICATIONS},
journal = {Earthquake Engineering \& Structural Dynamics},
volume = {26},
number = {4},
pages = {423-439},
keywords = {masonry walls, constitutive equations, damage, brick–mortar interface, discrete models, hysteretic response},
doi = {10.1002/(SICI)1096-9845(199704)26:4<423::AID-EQE650>3.0.CO;2-\#},
year = {1997}
}

@article{REF:25,
title = "A micro-mechanical model for the homogenisation of masonry",
journal = "International Journal of Solids and Structures",
volume = "39",
number = "12",
pages = "3233 - 3255",
year = "2002",
issn = "0020-7683",
doi = "https://doi.org/10.1016/S0020-7683(02)00230-5",
author = "A Zucchini and P.B Lourenço",
keywords = "Composites, Numerical techniques, Homogenisation techniques, Masonry",
}

@article{REF:26,
title = "Implementation of a parallel finite-element library: Test case on a non-local continuum damage model",
journal = "Finite Elements in Analysis and Design",
volume = "100",
pages = "41--46",
year = "2015",
issn = "0168-874X",
doi = "https://doi.org/10.1016/j.finel.2015.02.003",
author = "N. Richart and J.F. Molinari",
keywords = "Finite element method, Parallel computing, Continuum damage, Non-local approach"
}

@article{REF:27,
author = {Snozzi, Leonardo and Molinari, Jean-François},
title = {A cohesive element model for mixed mode loading with frictional contact capability},
journal = {International Journal for Numerical Methods in Engineering},
volume = {93},
number = {5},
pages = {510-526},
keywords = {cohesive zone model, dynamic fracture, frictional contact, mixed mode loading, masonry wallette, numerical methods},
doi = {10.1002/nme.4398},
year = {2013}
}

@article{REF:28,
title = "Micro-mechanical finite element modeling of diagonal compression test for historical stone masonry structure",
journal = "International Journal of Solids and Structures",
volume = "112",
pages = "122 - 132",
year = "2017",
issn = "0020-7683",
doi = "https://doi.org/10.1016/j.ijsolstr.2017.02.014",
author = "Shenghan Zhang and Seyedeh Mohadeseh Taheri Mousavi and Nicolas Richart and Jean-François Molinari and Katrin Beyer",
keywords = "Stone masonry, Cohesive zone modeling, Meso-scale simulation, Diagonal compression test, Failure mechanism",
}

@inbook{REF:29,
author = {Coffman, Ed and Garey, M.R. and Johnson, David},
year = {1996},
month = {01},
pages = {46-93},
title = {Approximation Algorithms for NP-Hard Problems}
}

@Manual{REF:30,
title = {Blender - A 3D modelling and rendering package},
author = {{Blender Online Community}},
organization = {Blender Foundation},
address = {Blender Institute, Amsterdam},
year = {2019},
url = {http://www.blender.org}
}

@article{REF:31,
title = "A dynamic bounding volume hierarchy for generalized collision detection",
journal = "Computers \& Graphics",
volume = "30",
number = "3",
pages = "450 - 459",
year = "2006",
issn = "0097-8493",
doi = "https://doi.org/10.1016/j.cag.2006.02.011",
author = "Thomas Larsson and Tomas Akenine-Möller",
}

@article{REF:32,
title = "Normal and tangential stiffnesses of rough surfaces in contact via an imperfect interface model",
journal = "International Journal of Solids and Structures",
volume = "87",
pages = "245 - 253",
year = "2016",
issn = "0020-7683",
doi = "https://doi.org/10.1016/j.ijsolstr.2016.01.025",
author = "Maria Letizia Raffa and Frédéric Lebon and Giuseppe Vairo",
}

@article{REF:33,
author = {Baker, B. and Schwarz, J.},
title = {Shelf Algorithms for Two-Dimensional Packing Problems},
journal = {SIAM Journal on Computing},
volume = {12},
number = {3},
pages = {508-525},
year = {1983},
doi = {10.1137/0212033},
}

@article{REF:34,
author = {Dodds, Peter and Weitz, Joshua},
year = {2002},
month = {06},
pages = {056108},
title = {Packing-Limited Growth},
volume = {65},
journal = {Physical review. E, Statistical, nonlinear, and soft matter physics},
doi = {10.1103/PhysRevE.65.056108}
}

@Inbook{REF:35,
author="Dosa, Gyorgy$\null$",
editor="Kao, Ming-Yang",
title="First Fit Algorithm for Bin Packing",
bookTitle="Encyclopedia of Algorithms",
year="2008",
publisher="Springer US",
address="Boston, MA",
pages="1--5",
isbn="978-3-642-27848-8",
doi="10.1007/978-3-642-27848-8_487-1",
url="https://doi.org/10.1007/978-3-642-27848-8_487-1"
}

@article{REF:36,
title = "An improved typology of cutting and packing problems",
journal = "European Journal of Operational Research",
volume = "183",
number = "3",
pages = "1109 - 1130",
year = "2007",
issn = "0377-2217",
doi = "https://doi.org/10.1016/j.ejor.2005.12.047",
author = "Gerhard Wäscher and Heike Haußner and Holger Schumann",
keywords = "Cutting, Packing, Typology",
}

@book{REF:37,
 author = {Gamma, Erich and Helm, Richard and Johnson, Ralph and Vlissides, John},
 title = {Design Patterns: Elements of Reusable Object-oriented Software},
 year = {1995},
 isbn = {0-201-63361-2},
 publisher = {Addison-Wesley Longman Publishing Co., Inc.},
 address = {Boston, MA, USA},
}

@article{REF:38,
author="Borri, Antonio
and Corradi, Marco
and Castori, Giulio
and De Maria, Alessandro",
title="A method for the analysis and classification of historic masonry",
journal="Bulletin of Earthquake Engineering",
year="2015",
month="Sep",
day="01",
volume="13",
number="9",
pages="2647--2665",
issn="1573-1456",
doi="10.1007/s10518-015-9731-4",
}

@article{REF:39,
title = "Influence of the meso-structure in dynamic fracture simulation of concrete under tensile loading",
journal = "Cement and Concrete Research",
volume = "41",
number = "11",
pages = "1130 - 1142",
year = "2011",
issn = "0008-8846",
doi = "https://doi.org/10.1016/j.cemconres.2011.06.016",
author = "L. Snozzi and A. Caballero and J.F. Molinari",
keywords = "C. Finite element analysis, C. Tensile properties, C. Micromechanics, E. Concrete",
}

@article{REF:40,
title = "Influence of the meso-structure in dynamic fracture simulation of concrete under tensile loading",
journal = "Cement and Concrete Research",
volume = "41",
number = "11",
pages = "1130 - 1142",
year = "2011",
issn = "0008-8846",
doi = "https://doi.org/10.1016/j.cemconres.2011.06.016",
author = "L. Snozzi and A. Caballero and J.F. Molinari",
keywords = "C. Finite element analysis, C. Tensile properties, C. Micromechanics, E. Concrete",
}

@Article{REF:41,
author="Bishop, Joseph E.",
title="Simulating the pervasive fracture of materials and structures using randomly close packed Voronoi tessellations",
journal="Computational Mechanics",
year="2009",
month="Sep",
day="01",
volume="44",
number="4",
pages="455--471",
issn="1432-0924",
doi="10.1007/s00466-009-0383-6",
}

@article{REF:42,
title = "On the influence of transgranular and intergranular failure mechanisms during dynamic loading of silicon nitride",
journal = "Acta Materialia",
volume = "67",
pages = "239 - 251",
year = "2014",
issn = "1359-6454",
doi = "https://doi.org/10.1016/j.actamat.2013.12.032",
author = "Seyedeh Mohadeseh Taheri Mousavi and Babak Hosseinkhani and Charlotte Vieillard and Marion Chambart and Petrus Johannes Jozef Kok and Jean-Francois Molinari",
keywords = "Microstructural parameters, Dynamic loading, Transgranular and intergranular cracking, Cohesive elements",
}

@article{REF:43,
title = "The sphere packing problem",
journal = "Journal of Computational and Applied Mathematics",
volume = "44",
number = "1",
pages = "41 - 76",
year = "1992",
issn = "0377-0427",
doi = "https://doi.org/10.1016/0377-0427(92)90052-Y",
author = "Thomas C. Hales",
keywords = "Sphere packing, Delaunay triangulation, packing and covering, spherical geometry, Hilbert's problems, Voronoi cells",
}

@article{REF:44,
title = "3D generation of realistic granular samples based on random fields theory and Fourier shape descriptors",
journal = "Computer Methods in Applied Mechanics and Engineering",
volume = "279",
pages = "46 - 65",
year = "2014",
issn = "0045-7825",
doi = "https://doi.org/10.1016/j.cma.2014.06.022",
author = "Guilhem Mollon and Jidong Zhao",
keywords = "Granular media, Discrete modelling, Particle shape generation, Particle packing, Random fields, Constrained Voronoi tessellation",
}

@article{REF:45,
title = "An integrated workflow for resolved-particle packed bed models with complex particle shapes",
journal = "Powder Technology",
volume = "322",
pages = "258 - 272",
year = "2017",
issn = "0032-5910",
doi = "https://doi.org/10.1016/j.powtec.2017.09.009",
author = "Behnam Partopour and Anthony G. Dixon",
keywords = "Fixed bed, Computational fluid dynamics, Packed bed generation, Bullet physics library, Meshing, Reactor simulation",
}

@article{REF:46,
title = "Generation of virtual asphalt mixture porosity for computational modelling",
journal = "Powder Technology",
volume = "275",
pages = "351 - 360",
year = "2015",
issn = "0032-5910",
doi = "https://doi.org/10.1016/j.powtec.2015.01.070",
author = "A. Chiarelli and A.R. Dawson and A. García",
keywords = "Asphalt, Air void content, Packing, Porosity",
}

@article{REF:47,
author = {Asikoglu, Abide and Avsar, Ozgur and Lourenco, Paulo and Silva, Luis},
year = {2019},
month = {04},
pages = {},
title = {Effectiveness of seismic retrofitting of a historical masonry structure: Kütahya Kurşunlu Mosque, Turkey},
journal = {Bulletin of Earthquake Engineering},
doi = {10.1007/s10518-019-00603-6}
}

@article{REF:48,
title = "New algorithms for virtual reconstruction of heterogeneous microstructures",
journal = "Computer Methods in Applied Mechanics and Engineering",
volume = "338",
pages = "275 - 298",
year = "2018",
issn = "0045-7825",
doi = "https://doi.org/10.1016/j.cma.2018.04.030",
author = "Ming Yang and Anand Nagarajan and Bowen Liang and Soheil Soghrati",
keywords = "Microstructure reconstruction, NURBS, Heterogeneous material, Packing algorithm, Mesh generation, CISAMR",
}

@article{REF:49,
author = {Beasley, David and R. Bull, David and Martin, Ralph},
year = {1994},
month = {10},
pages = {},
title = {An Overview of Genetic Algorithms : Part 1, Fundamentals},
volume = {15},
journal = {Univ. Comput.}
}

@inproceedings{REF:50,
author = {Thangavelu, Vivek and Liu, Yifang and Silva, Maira Saboia da and Napp, N},
year = {2018},
month = {05},
pages = {},
title = {Dry Stacking for Automated Construction with Irregular Objects},
doi = {10.1109/ICRA.2018.8460562}
}

@inproceedings{REF:51,
title     = {Greedy Stone Tower Creations with a Robotic Arm},
author    = {Martin Wermelinger and Fadri Furrer and Hironori Yoshida and Fabio Gramazio and Matthias Kohler and Roland Siegwart and Marco Hutter},
booktitle = {Proceedings of the Twenty-Seventh International Joint Conference on Artificial Intelligence, {IJCAI-18}},
publisher = {International Joint Conferences on Artificial Intelligence Organization},             
pages     = {5394--5398},
year      = {2018},
month     = {7},
doi       = {10.24963/ijcai.2018/760},
}

@article{REF:52,
author = {Ma, Y. and Chen, Z. and Hu, W. and Wang, W.},
title = {Packing Irregular Objects in 3D Space via Hybrid Optimization},
journal = {Computer Graphics Forum},
volume = {37},
number = {5},
pages = {49-59},
keywords = {Categories and Subject Descriptors (according to ACM CCS):, 1.3.5 Computer Graphics: Computational Geometry and Object Modeling—Geometric algorithms, languages, and systems},
doi = {10.1111/cgf.13490},
year = {2018}
}

@article{REF:53,
title = {Heuristics for Multidimensional Packing Problems},
author = {Jens Egeblad},
publisher = {EPFL},
address = {Denmark},
pages = {238},
year = {2008},
}

@incollection{REF:54,
title = "The Finite Element Method",
authors = "G.R. Liu and S.S. Quek",
booktitle = "The Finite Element Method (Second Edition)",
publisher = "Butterworth-Heinemann",
edition = "Second Edition",
address = "Oxford",
pages = "i",
year = "2014",
isbn = "978-0-08-098356-1",
doi = "https://doi.org/10.1016/B978-0-08-098356-1.00014-X",
}

@incollection{REF:55,
title = "The Finite Element Method for Solid and Structural Mechanics",
author = "O.C. Zienkiewicz and R.L. Taylor and David Fox",
booktitle = "The Finite Element Method for Solid and Structural Mechanics (Seventh Edition)",
publisher = "Butterworth-Heinemann",
edition = "Seventh Edition",
address = "Oxford",
pages = "i",
year = "2014",
isbn = "978-1-85617-634-7",
doi = "https://doi.org/10.1016/B978-1-85617-634-7.00016-8",
}

@article{REF:56,
title = "Constraint relation implementation for finite element analysis from an element basis",
journal = "Advances in Engineering Software (1978)",
volume = "10",
number = "4",
pages = "191 - 194",
year = "1988",
issn = "0141-1195",
doi = "https://doi.org/10.1016/0141-1195(88)90037-X",
author = "San-Cheng Chang and Tsung-Wu Lin",
keywords = "finite element analysis, constraint equation",
}

@inbook{REF:57,
isbn = {9781118382011},
title = {Kinematic Constraint Conditions},
booktitle = {Introduction to the Explicit Finite Element Method for Nonlinear Transient Dynamics},
chapter = {12},
pages = {289-304},
publisher = {John Wiley \& Sons, Ltd},
doi = {10.1002/9781118382011.ch12},
year = {2012},
}
@Article{REF:58,
author="Chi, Heng
and Lopez-Pamies, Oscar
and Paulino, Glaucio H.",
title="A variational formulation with rigid-body constraints for finite elasticity: theory, finite element implementation, and applications",
journal="Computational Mechanics",
year="2016",
month="Feb",
day="01",
volume="57",
number="2",
pages="325--338",
issn="1432-0924",
doi="10.1007/s00466-015-1234-2",
}

@article{REF:59,
author = {Vocialta, M. and Richart, N. and Molinari, J.-F.},
title = {3D dynamic fragmentation with parallel dynamic insertion of cohesive elements},
journal = {International Journal for Numerical Methods in Engineering},
volume = {109},
number = {12},
pages = {1655-1678},
keywords = {dynamic fragmentation, cohesive elements, high performance computing, numerical instability},
doi = {10.1002/nme.5339},
year = {2017}
}

@Article{REF:60,
author="Shaqfa, Mahmoud
and Orb{\'a}n, Zolt{\'a}n",
title="Modified parameter-setting-free harmony search {(PSFHS)} algorithm for optimizing the design of reinforced concrete beams",
journal="Structural and Multidisciplinary Optimization",
year="2019",
month="Mar",
day="28",
issn="1615-1488",
doi="10.1007/s00158-019-02252-4",
}

@techreport{REF:61,
title={{Istruzioni per l'applicazione delle“Nuove norme tecniche per le costruzioni” di cui al D.M. 14 gennaio 2008}},
author={MIT},
year={2009},
institution={MINISTERO DELLE INFRASTRUTTURE E DEI TRASPORTI},
type={},
}

@Article{REF:62,
author="Vanin, Francesco
and Zaganelli, Dario
and Penna, Andrea
and Beyer, Katrin",
title="Estimates for the stiffness, strength and drift capacity of stone masonry walls based on 123 quasi-static cyclic tests reported in the literature",
journal="Bulletin of Earthquake Engineering",
year="2017",
month="Dec",
day="01",
volume="15",
number="12",
pages="5435--5479",
issn="1573-1456",
doi="10.1007/s10518-017-0188-5",
}
@article{REF:63,
author = {Lemos, Jose},
year = {2019},
month = {02},
pages = {43},
title = {Discrete Element Modeling of the Seismic Behavior of Masonry Construction},
volume = {9},
journal = {Buildings},
doi = {10.3390/buildings9020043}
}

@Manual{REF:64,
title = {3DEC - Three-dimensional Distinct Element Code},
author = {{{ITASCA} Consulting Group}},
organization = {{ITASCA}},
address = {Minneapolis, MN, USA, 2017},
year = {2017},
url = {https://www.itascacg.com/software/3dec}
}

@article{REF:65,
author = {Mendes, Nuno and Zanotti, Sara and Lemos, Jose},
year = {2018},
month = {05},
pages = {1-20},
title = {Seismic Performance of Historical Buildings Based on Discrete Element Method: An Adobe Church},
journal = {Journal of Earthquake Engineering},
doi = {10.1080/13632469.2018.1463879}
}

@article{REF:66,
title = "A state-of-the-art review on roughness quantification methods for concrete surfaces",
journal = "Construction and Building Materials",
volume = "38",
pages = "912 - 923",
year = "2013",
note = "25th Anniversary Session for ACI 228 – Building on the Past for the Future of NDT of Concrete",
issn = "0950-0618",
doi = "https://doi.org/10.1016/j.conbuildmat.2012.09.045",
author = "Pedro M.D. Santos and Eduardo N.B.S. Júlio",
keywords = "Concrete, Surface, Roughness, Profile, Method",
}

@article{REF:67,
author = {Fialko, Sergiy},
year = {2017},
month = {09},
pages = {119-137},
title = {APPLICATION OF RIGID LINKS IN STRUCTURAL DESIGN MODELS},
volume = {13},
journal = {International Journal for Computational Civil and Structural Engineering},
doi = {10.22337/1524-5845-2017-13-3-119-137}
}

@article{REF:68,
title = "Micromechanical-based criteria for the calibration of cohesive zone parameters",
journal = "Journal of Computational and Applied Mathematics",
volume = "246",
pages = "206 - 214",
year = "2013",
note = "Fifth International Conference on Advanced COmputational Methods in ENgineering (ACOMEN 2011)",
issn = "0377-0427",
doi = "https://doi.org/10.1016/j.cam.2012.10.031",
author = "Nawfal Blal and Loïc Daridon and Yann Monerie and Stéphane Pagano",
keywords = "Micromechanics, Damage, Cohesive zone model, Homogenization",
}

@article{REF:69,
title = {Finite-element analysis of contact between elastic  self-affine surfaces},
author = {Hyun, S. and Pei, L. and Molinari, J. F. and Robbins, M.  O.},
publisher = {American Physical Society},
journal = {Physical Review E},
number = {2},
volume = {70},
pages = {026117},
year = {2004},
note = {Part 2},
doi = {10.1103/PhysRevE.70.026117},
}

@article{REF:70,
author = {Bandeira, Alex Alves and Wriggers, Peter and de Mattos Pimenta, Paulo},
title = {Numerical derivation of contact mechanics interface laws using a finite element approach for large 3D deformation},
journal = {International Journal for Numerical Methods in Engineering},
volume = {59},
number = {2},
pages = {173-195},
keywords = {contact mechanics, finite element method, interface laws},
doi = {10.1002/nme.867},
eprint = {https://onlinelibrary.wiley.com/doi/pdf/10.1002/nme.867},
year = {2004}
}

@inproceedings{REF:71,
TITLE = {On mesh size to cohesive zone parameters relationships},
AUTHOR = {Blal, Nawfal and Daridon, Loic and Monerie, Yann and Pagano, St{\'e}phane},
BOOKTITLE = {{ACOMEN 2011}},
ADDRESS = {Li{\`e}ge, Belgium},
PAGES = {Cd-Rom},
YEAR = {2011},
MONTH = Nov,
PDF = {https://hal.archives-ouvertes.fr/hal-00800456/file/On_mesh-size_cohesive_zone_Blal_al.pdf},
HAL_ID = {hal-00800456},
HAL_VERSION = {v1},
}

@article{REF:72,
title = "Normal and tangential stiffnesses of rough surfaces in contact via an imperfect interface model",
journal = "International Journal of Solids and Structures",
volume = "87",
pages = "245 - 253",
year = "2016",
issn = "0020-7683",
doi = "https://doi.org/10.1016/j.ijsolstr.2016.01.025",
author = "Maria Letizia Raffa and Frédéric Lebon and Giuseppe Vairo",
}

@inproceedings{REF:73,
 author = {Sorkine, O. and Cohen-Or, D. and Lipman, Y. and Alexa, M. and R\"{o}ssl, C. and Seidel, H.-P.},
 title = {Laplacian Surface Editing},
 booktitle = {Proceedings of the 2004 Eurographics/ACM SIGGRAPH Symposium on Geometry Processing},
 series = {SGP '04},
 year = {2004},
 isbn = {3-905673-13-4},
 location = {Nice, France},
 pages = {175--184},
 numpages = {10},
 doi = {10.1145/1057432.1057456},
 acmid = {1057456},
 publisher = {ACM},
 address = {New York, NY, USA},
}
@phdthesis{REF:74,
author       = {Lorentz, Benoît},
year         = {2013},
title        = {An approach to investigate surface roughness influence on non-lubricated and lubricated contacts by means of the finite element analysis = Ein Ansatz zur Untersuchung der Oberflächenrauheiteinflüsse bei geschmierten und
trockenen Kontakten mittels der Finite Elemente Methode},
doi          = {10.5445/IR/1000039534},
publisher    = {{KIT, Karlsruhe}},
issn         = {1615-8113},
series       = {Forschungsberichte: IPEK},
language     = {english},
volume       = {63}
}

@article{REF:75,
author = {Zeman, Jan and Sejnoha, Michal},
year = {2007},
month = {07},
pages = {S325-S335},
title = {From random microstructures to representative volume elements},
volume = {15},
journal = {Modelling and Simulation in Materials Science and Engineering},
doi = {10.1088/0965-0393/15/4/S01}
}

@article{REF:76,
author = {Gianmarco de Felice},
title = {Out-of-Plane Seismic Capacity of Masonry Depending on Wall Section Morphology},
journal = {International Journal of Architectural Heritage},
volume = {5},
number = {4-5},
pages = {466-482},
year  = {2011},
publisher = {Taylor & Francis},
doi = {10.1080/15583058.2010.530339},
eprint = {https://doi.org/10.1080/15583058.2010.530339}
}

@Article{REF:77,
author="Oliveira, Daniel V.
and Silva, Rui A.
and Garbin, Enrico
and Louren{\c{c}}o, Paulo B.",
title="Strengthening of three-leaf stone masonry walls: an experimental research",
journal="Materials and Structures",
year="2012",
month="Aug",
day="01",
volume="45",
number="8",
pages="1259--1276",
issn="1871-6873",
doi="10.1617/s11527-012-9832-3",
}

@Article{REF:78,
author="Mollon, Guilhem
and Zhao, Jidong",
title="Generating realistic 3D sand particles using Fourier descriptors",
journal="Granular Matter",
year="2013",
month="Feb",
day="01",
volume="15",
number="1",
pages="95--108",
issn="1434-7636",
doi="10.1007/s10035-012-0380-x",
}

@article{REF:79,
author = {Liu, G.R. and Quek, Siu Sin},
year = {2003},
month = {01},
pages = {},
title = {The Finite Element Method: A Practical Course: Second Edition},
journal = {Oxford, UK : Butterworth-Heinemann}
}

@article{REF:80,
author = {Tserpes, K.I. and Koumpias, A.S.},
year = {2012},
month = {04},
pages = {1},
title = {Comparison between a Cohesive Zone Model and a Continuum Damage Model in Predicting Mode-I Fracture Behavior of Adhesively Bonded Joints},
volume = {83},
journal = {Computer Modeling in Engineering and Sciences}
}

@article{REF:81,
title = "2D pixel homogenized limit analysis of non-periodic masonry walls",
journal = "Computers \& Structures",
volume = "219",
pages = "16 - 57",
year = "2019",
issn = "0045-7949",
doi = "https://doi.org/10.1016/j.compstruc.2019.04.002",
author = "Simone Tiberti and Gabriele Milani",
keywords = "Non-periodic masonry, Pixel strategy, Homogenization, Limit analysis, In-plane behavior, Tensile behavior",
}

@article{REF:82,
title = {Automated Detailing and Stability Analysis of Under-Construction Masonry Vaults},
journal = {Journal of Architectural Engineering},
year = {2019},
issn = {0401-8014},
doi = {https://doi.org/10.1061/(ASCE)AE.1943-5568.0000314},
author = {Mousavian Elham and Mehdizadeh Saradj Fatemeh}
}

@article{REF:83,
title = "The use of the diagonal compression test to identify the shear mechanical parameters of masonry",
journal = "Construction and Building Materials",
volume = "24",
number = "5",
pages = "677 - 685",
year = "2010",
issn = "0950-0618",
doi = "https://doi.org/10.1016/j.conbuildmat.2009.11.001",
author = "Chiara Calderini and Serena Cattari and Sergio Lagomarsino",
}

@article{REF:84,
title = "Quasi-static shear-compression tests on stone masonry walls with plaster: Influence of load history and axial load ratio",
journal = "Engineering Structures",
volume = "192",
pages = "264 - 278",
year = "2019",
issn = "0141-0296",
doi = "https://doi.org/10.1016/j.engstruct.2019.04.041",
author = "Michele Godio and Francesco Vanin and Shenghan Zhang and Katrin Beyer",
}

% ----------------------------------------- Additional links for the presentation

@misc{REF:85,
    author = "{Wikipedia contributors}",
    title = "Taxicab geometry --- {Wikipedia}{,} The Free Encyclopedia",
    year = "2019",
    url = "https://en.wikipedia.org/w/index.php?title=Taxicab_geometry&oldid=894771516",
    note = "[Online; accessed 21-May-2019]"
}


% Good pictures can be found here
% https://link.springer.com/chapter/10.1007/978-3-642-39686-1_5

@Manual{Inkscape,
  author = {{Inkscape Project}},
  title = {Inkscape},
  url = {https://inkscape.org},
  version = {0.92.4},
  date = {2019}
}
